@Article{ipython,
  Author    = {P\'erez, Fernando and Granger, Brian E.},
  Title     = {{IP}ython: a System for Interactive Scientific Computing},
  Journal   = {Computing in Science and Engineering},
  Volume    = {9},
  Number    = {3},
  Pages     = {21--29},
  month     = may,
  year      = 2007,
  url       = "http://ipython.org",
  ISSN      = "1521-9615",
  doi       = {10.1109/MCSE.2007.53},
  publisher = {IEEE Computer Society},
}

@InProceedings{ pandas, 
  author    = { Wes McKinney }, 
  title     = { Data Structures for Statistical Computing in Python }, 
  booktitle = { Proceedings of the 9th Python in Science Conference }, 
  pages     = { 51 - 56 }, 
  year      = { 2010 }, 
  editor    = { St\'efan van der Walt and Jarrod Millman } 
} 

@Article{matplotlib,
  Author    = {Hunter, J. D.},
  Title     = {Matplotlib: A 2D graphics environment},
  Journal   = {Computing In Science \& Engineering},
  Volume    = {9},
  Number    = {3},
  Pages     = {90--95},
  abstract  = {Matplotlib is a 2D graphics package used for Python
  for application development, interactive scripting, and
  publication-quality image generation across user
  interfaces and operating systems.},
  publisher = {IEEE COMPUTER SOC},
  year      = 2007
}

@inproceedings{clark2004xen,
  title={Xen and the Art of Repeated Research.},
  author={Clark, Bryan and Deshane, Todd and Dow, Eli and Evanchik, Stephen and Finlayson, Matthew and Herne, Jason and Matthews, Jeanna Neefe},
  booktitle={USENIX Annual Technical Conference, FREENIX Track},
  pages={135--144},
  year={2004}
}

@inproceedings{evans2002study,
  title={A study of irregularities in file-size distributions},
  author={Evans, Kylie M and Kuenning, Geoffrey H},
  booktitle={Proceedings of the 2002 International Symposium on Performance Evaluation of Computer and Telecommunication Systems (SPECTS)},
  year={2002},
  organization={Citeseer}
}

@article{agrawal2007five,
  title={A five-year study of file-system metadata},
  author={Agrawal, Nitin and Bolosky, William J and Douceur, John R and Lorch, Jacob R},
  journal={ACM Transactions on Storage (TOS)},
  volume={3},
  number={3},
  pages={9},
  year={2007},
  publisher={ACM}
}

@inproceedings{leung2008measurement,
  title={Measurement and Analysis of Large-Scale Network File System Workloads.},
  author={Leung, Andrew W and Pasupathy, Shankar and Goodson, Garth R and Miller, Ethan L},
  booktitle={USENIX Annual Technical Conference},
  volume={1},
  number={2},
  pages={5--2},
  year={2008}
}